% !TEX encoding = UTF-8

@online{ReLUvsSigmoidWB,
	title = {ReLU vs. Sigmoid Function in Deep Neural Networks},
	url = {https://wandb.ai/ayush-thakur/dl-question-bank/reports/ReLU-vs-Sigmoid-Function-in-Deep-Neural-Networks--VmlldzoyMDk0MzI},
	urldate = {2024-11-29},
}
